=LDR  01349cz  a2200301n  4500
=001  cash10001\
=003  CaOONL
=005  20210112104708.5
=008  850805\neanknnbabn\\\\\\\\\\\a\ana\\\\\\
=040  \\$aCaOONL$beng$cCaOONL$dCaOONL
=016  \\$a0200E2588
=035  \\$a(CaOONL)190563
=042  \\$anlc
=150  \\$aAcadians$xExpulsion, 1755
=450  \\$aExpulsion of the Acadians, Canada, 1755
=450  \\$aDeportation of the Acadians, Canada, 1755
=450  \\$aAcadian Deportation, Canada, 1755
=450  \\$aAcadians$xDeportation, 1755
=450  \\$aGreat Upheaval (Acadian expulsion), Canada, 1755
=450  \\$aGreat Upheaval (Acadian deportation), Canada, 1755
=551  \\$wg$aNova Scotia$xHistory$y1713-1775$0(CaOONL)cash10174
=551  \\$wg$aCanada$xHistory$ySeven Years' War, 1755-1763$0(CaOONL)cash10915
=670  \\$aCSH.
=670  \\$aCanadian encyc. 2000:$bpp. 12-13 (entry for "Acadia, History of": "Deportation ... The deportation process, once instigated, lasted from 1755 to 1762.")
=670  \\$aNew Brunswick telegraph journal, 2003-12-03:$b(Acadian deportation)
=670  \\$aThe Ottawa citizen, 2003-12-11:$bp. A5 (Acadian expulsion or deportation; "commonly known as the Great Upheaval, continued until 1763 ...")
=750  \0$aAcadians$zNova Scotia$xHistory$yExpulsion, 1755
=750  \6$aDéportation des Acadiens, 1755
